@book{Cormen2009,
	author = {Cormen, Thomas H. and Leiserson, Charles E. and Rivest, Ronald L. and Stein, Clifford},
	title = {Algorithms},
	year = {2009},
	publisher = {The MIT Press},
	address = {Cambridge, MA},
	edition = {3rd},
	isbn = {978-0-262-03384-8},
}

@book{anton2012,
	title={Álgebra Linear com Aplicações},
	author={Anton, Howard and Rorres, Chris},
	year={2012},
	publisher={Bookman},
	edition = {10th},
}

@book{Euclides,
	author = {Euclides},
	title = {Os Elementos de Euclides},
	translator = {Bicudo, Irineu},
	publisher = {Editora da Universidade de São Paulo},
	year = {2013},
	address = {São Paulo, Brasil},
	edition = {1st},
	isbn = {978-8531414258}
}

@book{boulos2010,
	title={Geometria Analítica: Um Tratamento Vetorial},
	author={Boulos, Paulo},
	year={2010},
	edition={3},
	publisher={Pearson}
}

@Manual{R,
	title = {R: A Language and Environment for Statistical Computing},
	author = {{R Core Team}},
	year = {2023},
	publisher = {R Foundation for Statistical Computing},
	address = {Vienna, Austria},
	url = {https://www.R-project.org/},
}

@book{tannembau2016,
	title={Sistemas Operacionais modernos},
	author={Tanenbaum, Andrew S.},
	year={2016},
	edition={4 th},
	publisher={Pearson}
}

@Misc{LeetCode,
	Author = "LeetCode",
	Title  = "\emph{Dungeon Game}",
	Note   = "\url{https://leetcode.com/problems/dungeon-game/}
	[Accessado: maio de 2023]",
	year = 2023,
}

@book{ziviani,
	author = {Ziviani, Nivio},
	title = {Projetos de Algoritmos},
	year = {2004},
	publisher = {Cengage Learning},
	address = {São Paulo, Brasil}
}
@Manual{linux, 
	title={The linux man-pages project},
	author = {{Linux Foundation}},
	year = 2023,
	url={https://www.kernel.org/doc/man-pages/}
}


@Manual{geeksforgeeks_bmh,
	title = {Boyer-Moore Algorithm for Pattern Searching},
	author = {{GeeksforGeeks}},
	year = 2023,
    url = {https://www.geeksforgeeks.org/boyer-moore-algorithm-for-pattern-searching/},
}


